@article{direction,
  title={Directional dipole model for subsurface scattering},
  author={Frisvad, Jeppe Revall and Hachisuka, Toshiya and Kjeldsen, Thomas Kim},
  journal={ACM Transactions on Graphics (TOG)},
  volume={34},
  number={1},
  pages={5},
  year={2014},
  publisher={ACM}
}

@article{materials,
  title={Inverse Volume Rendering with Material Dictionaries: Supplementary Material},
  author={Gkioulekas, Ioannis and Zhao, Shuang and Bala, Kavita and Zickler, Todd and Levin, Anat}
}

@inproceedings{jensen,
  title={A practical model for subsurface light transport},
  author={Jensen, Henrik Wann and Marschner, Stephen R and Levoy, Marc and Hanrahan, Pat},
  booktitle={Proceedings of the 28th annual conference on Computer graphics and interactive techniques},
  pages={511--518},
  year={2001},
  organization={ACM}
}

@article{brdf,
  title={Geometric considerations and nomenclature for reflectance, volume 161 of Monograph},
  author={Nicodemus, FE and Richmond, JC and Hsia, JJ and Ginsberg, IW and Limperis, T},
  journal={National Bureau of Standards (US)},
  year={1977}
}

@article{farrell1992diffusion,
  title={A diffusion theory model of spatially resolved, steady-state diffuse reflectance for the noninvasive determination of tissue optical properties invivo},
  author={Farrell, Thomas J and Patterson, Michael S and Wilson, Brian},
  journal={Medical physics},
  volume={19},
  number={4},
  pages={879--888},
  year={1992},
  publisher={American Association of Physicists in Medicine}
}
